%% Angaben für Bücher:
% - Author
% - Titel + Untertitel
% - (Auflage, Verlag)
% - Erscheinungsort und -jahr
% - (ISBN)

%% Angaben für Artikel im Sammelwerk:
% - Wie bei Buch, und zusätzlich:
% - Titel des Sammelwerks (, in: ...)
% - Herausgeber des Sammelwerks
% - Seitenangabe innerhalb des Sammelwerks


@book{Parr.2010,
  author={Terence Parr},
  title={Language Implementation Patterns: create your own domain-specific and general programming languages},
  publisher={Pragmatic Bookshelf},
  year={2010},
  isbn={9781934356456}
}

@book{Fowler.2010,
  author={Martin Fowler},
  title={Domain-Specific Languages},
  publisher={Addison-Wesley},
  year={2010},
  city={Westford, Massachusetts},
  isbn={978-0-321-71294-3}
}

@book{Fowler.2002,
  author={Martin Fowler},
  title={Patterns of Enterprise Application Architecture},
  publisher={Addison-Wesley},
  year={2002},
  isbn={978-0-321-12742-0}
}

@inproceedings{freeman2006evolving,
  title={Evolving an embedded domain-specific language in Java},
  author={Freeman, Steve and Pryce, Nat},
  booktitle={OOPSLA Companion},
  pages={855--865},
  year={2006}
}

@book{Parr.2012,
  author={Terence Parr},
  title={The Definitive ANTLR 4 Reference},
  publisher={Pragmatic Bookshelf},
  year={2012},
  isbn={978-1-93435-699-9}
}

@misc{Admiraal.2010,
  author={A.J. Admiraal},
  title={Automated ANTLR Tree Walker Generation},
  year={2010}
}

@inproceedings{butting2018deriving,
  title={Deriving fluent internal domain-specific languages from grammars},
  author={Butting, Arvid and Dalibor, Manuela and Leonhardt, Gerrit and Rumpe, Bernhard and Wortmann, Andreas},
  booktitle={Proceedings of the 11th ACM SIGPLAN International Conference on Software Language Engineering},
  pages={187--199},
  year={2018},
  organization={ACM}
}

@article{oliveira2009domain,
  title={Domain specific languages: A theoretical survey},
  author={Oliveira, Nuno and Pereira, Maria Jo{\~a}o and Henriques, Pedro and Cruz, Daniela},
  journal={INForum'09-Simp{\'o}sio de Inform{\'a}tica},
  year={2009},
  publisher={Faculdade de Ci{\^e}ncias da Universidade de Lisboa}
}

@article{buzdin2012transformation,
  title={Transformation of UML class diagram to internal java domain-specific language},
  author={Buzdin, Dmitry and Nikiforova, Oksana},
  journal={Applied Computer Systems},
  volume={13},
  number={1},
  pages={61--67},
  year={2012},
  publisher={Versita}
}

@article{sandeepdomain,
  title={Domain Specific Language--A Solution to the Intricacies of General Purpose Language},
  author={Sandeep, R and Govind, S and Goutham, V Atreya and Rekha, PM}
}

@inproceedings{holldobler2017advances,
  title={Advances in modeling language engineering},
  author={H{\"o}lldobler, Katrin and Roth, Alexander and Rumpe, Bernhard and Wortmann, Andreas},
  booktitle={International Conference on Model and Data Engineering},
  pages={3--17},
  year={2017},
  organization={Springer}
}

@inproceedings{jezequel2014domain,
  title={Domain specific languages: from craft to engineering},
  author={Jezequel, Jean-Marc},
  year={2014}
}

@inproceedings{roth2019fling,
  title={Fling-A Fluent API Generator (Artifact)},
  author={Roth, Ori and Gil, Yossi},
  year={2019},
  organization={Schloss Dagstuhl-Leibniz-Zentrum fuer Informatik}
}

@article{Knuth1968,
author="Knuth, Donald E.",
title="Semantics of context-free languages",
journal="Mathematical systems theory",
year="1968",
month="Jun",
day="01",
volume="2",
number="2",
pages="127--145",
abstract="``Meaning'' may be assigned to a string in a context-free language by defining ``attributes'' of the symbols in a derivation tree for that string. The attributes can be defined by functions associated with each production in the grammar. This paper examines the implications of this process when some of the attributes are ``synthesized'', i.e., defined solely in terms of attributes of thedescendants of the corresponding nonterminal symbol, while other attributes are ``inherited'', i.e., defined in terms of attributes of theancestors of the nonterminal symbol. An algorithm is given which detects when such semantic rules could possibly lead to circular definition of some attributes. An example is given of a simple programming language defined with both inherited and synthesized attributes, and the method of definition is compared to other techniques for formal specification of semantics which have appeared in the literature.",
issn="1433-0490",
doi="10.1007/BF01692511",
url="https://doi.org/10.1007/BF01692511"
}

@incollection{clark2015conceptual,
  title={Conceptual model of the globalization for domain-specific languages},
  author={Clark, Tony and Van den Brand, Mark and Combemale, Benoit and Rumpe, Bernhard},
  booktitle={Globalizing Domain-Specific Languages},
  pages={7--20},
  year={2015},
  publisher={Springer}
}

@article{yue2014transition,
  title={Transition from EBNF to Xtext},
  author={Yue, Jianan},
  journal={Alternation},
  volume={1},
  pages={1},
  year={2014}
}

@article{chomsky1956three,
  title={Three models for the description of language},
  author={Chomsky, Noam},
  journal={IRE Transactions on information theory},
  volume={2},
  number={3},
  pages={113--124},
  year={1956},
  publisher={IEEE}
}

@inproceedings{gil2019fling,
  title={Fling-A Fluent API Generator},
  author={Gil, Yossi and Roth, Ori},
  booktitle={33rd European Conference on Object-Oriented Programming (ECOOP 2019)},
  year={2019},
  organization={Schloss Dagstuhl-Leibniz-Zentrum fuer Informatik}
}

@inproceedings{kelsen2008lightweight,
  title={A lightweight approach for defining the formal semantics of a modeling language},
  author={Kelsen, Pierre and Ma, Qin},
  booktitle={International Conference on Model Driven Engineering Languages and Systems},
  pages={690--704},
  year={2008},
  organization={Springer}
}

@article{breslav2009creating,
  title={Creating modular and reusable DSL textual syntax definitions with Grammatic/ANTLR},
  author={Breslav, Andrey},
  journal={arXiv preprint arXiv:0902.2621},
  year={2009}
}

@article{parr2014adaptive,
  title={Adaptive LL (*) parsing: the power of dynamic analysis},
  author={Parr, Terence and Harwell, Sam and Fisher, Kathleen},
  journal={ACM SIGPLAN Notices},
  volume={49},
  number={10},
  pages={579--598},
  year={2014},
  publisher={ACM}
}

@article{parr1995antlr,
  title={ANTLR: A predicated-LL (k) parser generator},
  author={Parr, Terence J. and Quong, Russell W.},
  journal={Software: Practice and Experience},
  volume={25},
  number={7},
  pages={789--810},
  year={1995},
  publisher={Wiley Online Library}
}

@misc{FluentInterface.Wikipedia,
  title={Fluent interface},
  author={Wikipedia},
  url={https://en.wikipedia.org/wiki/Fluent_interface},
  note={last accessed: 2020-01-31}
}

@misc{JGraphT,
  title={JGraphT},
  author={JGraphT},
  url={https://github.com/jgrapht/jgrapht},
  note={last accessed: 2020-02-06}
}

@misc{FluentAPI.lukaseder,
  title={The Java Fluent API Designer Crash Course},
  author={lukaseder},
  url={https://blog.jooq.org/2012/01/05/the-java-fluent-api-designer-crash-course/},
  note={last accessed: 2020-01-31}
}

@misc{scowen1996international,
  title={International standard(ISO 14977) Extended BNF},
  author={Scowen, Roger},
  year={1996}
}

@misc{ebnf.wikipedia,
  title={Extended Backus–Naur form},
  author={Wikipedia},
  url={https://en.wikipedia.org/wiki/Extended_Backus%E2%80%93Naur_form},
  note={last accessed: 2020-04-15}
}

@misc{wirthsyntaxnotation.wikipedia,
  title={Wirth syntax notation},
  author={Wikipedia},
  url={https://en.wikipedia.org/wiki/Wirth_syntax_notation},
  note={last accessed: 2020-04-15}
}

@misc{ebnfnotations.jinks,
  title={BNF/EBNF variants},
  author={Pete Jinks},
  url={http://www.cs.man.ac.uk/~pjj/bnf/ebnf.html},
  note={last accessed: 2020-04-15}
}

@misc{antlr.wikipedia,
  title={ANTLR},
  author={Wikipedia},
  url={https://en.wikipedia.org/wiki/ANTLR},
  note={last accessed: 2020-04-16}
}

@misc{stringtemplate.github,
  title={StringTemplate4},
  author={The ANTLR Project},
  url={https://github.com/antlr/stringtemplate4},
  note={last accessed: 2020-04-16}
}

@inproceedings{parr2004enforcing,
  title={Enforcing strict model-view separation in template engines},
  author={Parr, Terence John},
  booktitle={Proceedings of the 13th international conference on World Wide Web},
  pages={224--233},
  year={2004}
}
