%% Angaben f체r B체cher:
% - Author
% - Titel + Untertitel
% - (Auflage, Verlag)
% - Erscheinungsort und -jahr
% - (ISBN)

%% Angaben f체r Artikel im Sammelwerk:
% - Wie bei Buch, und zus채tzlich:
% - Titel des Sammelwerks (, in: ...)
% - Herausgeber des Sammelwerks
% - Seitenangabe innerhalb des Sammelwerks


@misc{Butting.2018,
  author={Arvid Butting, Manuela Dalibor, Gerrit Leonhardt, Bernhard Rumpe, and Andreas Wortmann},
  title={Deriving Fluent Internal Domain-Specific Languages from Grammars},
  year={2018}
}

@book{Parr.2010,
  author={Terence Parr},
  title={Language Implementation Patterns: create your own domain-specific and general programming languages},
  publisher={Pragmatic Bookshelf},
  year={2010},
  isbn={9781934356456}
}

@book{Parr.2010,
  author={Terence Parr},
  title={The Definitive ANTLR 4 Reference},
  publisher={Pragmatic Bookshelf},
  year={2012},
  isbn={978-1-93435-699-9}
}

@misc{Admiraal.2010,
  author={A.J. Admiraal},
  title={Automated ANTLR Tree Walker Generation},
  year={2010}
}
